"Transaction Type","Date","Amount Debited","Debit Currency","Amount Credited","Credit Currency","Buy / Sell Rate","Direction","Spot Rate","Source / Destination","Blockchain Transaction ID"
"fiat funding","2021-02-25T16:04:28+00",,,100,"CAD",,"credit",,"felfelahmeed@gmail.com",
"purchase/sale","2021-02-25T16:06:51+00",100,"CAD",0.00155521,"BTC","64299.7053","purchase",,,
"other","2021-02-25T23:42:16+00",,,30,"CAD",,"credit",,,
"purchase/sale","2021-02-26T12:59:27+00",30,"CAD",0.0004994,"BTC","60071.9945","purchase",,,
"shakingsats","2021-02-26T16:44:00+00",,,0.0000025,"BTC",,"credit","60758.2191",,
"shakingsats","2021-02-27T17:36:02+00",,,0.0000028,"BTC",,"credit","59932.2100",,
"shakingsats","2021-02-28T13:54:15+00",,,0.000003,"BTC",,"credit","56825.4018",,
"shakingsats","2021-03-01T15:04:03+00",,,0.0000033,"BTC",,"credit","61282.9605",,
"shakingsats","2021-03-02T13:00:56+00",,,0.0000021,"BTC",,"credit","61804.9614",,
"shakingsats","2021-03-03T14:14:45+00",,,0.0000023,"BTC",,"credit","64516.5207",,
"shakingsats","2021-03-04T12:43:52+00",,,0.0000024,"BTC",,"credit","62556.8874",,
"shakingsats","2021-03-05T21:45:24+00",,,0.0000026,"BTC",,"credit","62269.2498",,
"shakingsats","2021-03-07T02:23:55+00",,,0.0000027,"BTC",,"credit","62907.7756",,
"shakingsats","2021-03-07T16:19:29+00",,,0.0000028,"BTC",,"credit","64412.3600",,
"shakingsats","2021-03-08T13:05:02+00",,,0.000003,"BTC",,"credit","64013.3776",,
"crypto funding","2021-03-08T13:11:57+00",,,0.0002366,"BTC",,"credit","63964.0776",,"7495943dc655397ccf9740c919b3fed1e9301c68cfc7a6ff4318a75474312d5f"
"shakingsats","2021-03-09T14:40:52+00",,,0.0000031,"BTC",,"credit","68800.0606",,
"shakingsats","2021-03-10T12:22:23+00",,,0.0000033,"BTC",,"credit","69722.2958",,
"shakingsats","2021-03-11T12:22:02+00",,,0.0000034,"BTC",,"credit","70437.3197",,
"shakingsats","2021-03-12T11:53:08+00",,,0.0000035,"BTC",,"credit","70974.9207",,
"shakingsats","2021-03-13T12:44:43+00",,,0.0000037,"BTC",,"credit","75005.6401",,
"fiat funding","2021-03-14T01:17:05+00",,,300,"CAD",,"credit",,"felfelahmeed@gmail.com",
"shakingsats","2021-03-14T05:05:08+00",,,0.0000038,"BTC",,"credit","76428.8550",,
"purchase/sale","2021-03-14T14:16:45+00",100,"CAD",0.00131175,"BTC","76233.9259","purchase",,,
"shakingsats","2021-03-15T04:50:26+00",,,0.0000039,"BTC",,"credit","74701.1660",,
"purchase/sale","2021-03-15T11:53:31+00",100,"CAD",0.0014054,"BTC","71153.8575","purchase",,,
"shakingsats","2021-03-16T11:22:59+00",,,0.0000041,"BTC",,"credit","69160.0748",,
"shakingsats","2021-03-17T15:44:37+00",,,0.0000042,"BTC",,"credit","68369.9764",,
"shakingsats","2021-03-18T10:34:57+00",,,0.0000043,"BTC",,"credit","72581.6436",,
"shakingsats","2021-03-19T10:31:14+00",,,0.0000045,"BTC",,"credit","72849.7027",,
"shakingsats","2021-03-20T15:50:36+00",,,0.0000046,"BTC",,"credit","74155.1144",,
"shakingsats","2021-03-21T16:26:30+00",,,0.0000047,"BTC",,"credit","71851.9449",,
"shakingsats","2021-03-22T04:50:40+00",,,0.0000048,"BTC",,"credit","71854.0014",,
"purchase/sale","2021-03-22T20:54:13+00",100,"CAD",0.00143848,"BTC","69517.4200","purchase",,,
"shakingsats","2021-03-23T11:54:56+00",,,0.000005,"BTC",,"credit","68194.7324",,
"shakingsats","2021-03-24T12:44:18+00",,,0.0000051,"BTC",,"credit","71507.7472",,
"shakingsats","2021-03-25T11:38:06+00",,,0.0000052,"BTC",,"credit","66298.9774",,
"fiat funding","2021-03-25T17:51:09+00",,,400,"CAD",,"credit",,"felfelahmeed@gmail.com",
"purchase/sale","2021-03-25T17:52:00+00",400,"CAD",0.00606354,"BTC","65967.9636","purchase",,,
"shakingsats","2021-03-27T11:50:28+00",,,0.0000015,"BTC",,"credit","68817.9117",,
"shakingsats","2021-03-28T17:56:52+00",,,0.0000017,"BTC",,"credit","70517.6920",,
"shakingsats","2021-03-29T16:01:03+00",,,0.0000018,"BTC",,"credit","72527.3707",,
"shakingsats","2021-03-30T11:02:06+00",,,0.000002,"BTC",,"credit","74282.5337",,
"shakingsats","2021-03-31T12:28:44+00",,,0.0000021,"BTC",,"credit","73334.6551",,
"shakingsats","2021-04-01T22:20:45+00",,,0.0000023,"BTC",,"credit","73882.8332",,
"shakingsats","2021-04-02T12:40:24+00",,,0.0000024,"BTC",,"credit","74607.7811",,
"peer transfer","2021-04-02T15:22:10+00",,,527,"CAD",,"credit",,"@ananas",
"shakingsats","2021-04-04T01:42:59+00",,,0.0000026,"BTC",,"credit","71794.0733",,
"shakingsats","2021-04-04T11:04:59+00",,,0.0000027,"BTC",,"credit","72588.7103",,
"shakingsats","2021-04-05T11:01:33+00",,,0.0000028,"BTC",,"credit","72377.9115",,
"fiat funding","2021-04-05T11:34:20+00",,,1300,"CAD",,"credit",,"felfelahmeed@gmail.com",
"purchase/sale","2021-04-05T20:14:39+00",5,"CAD",0.00006684,"BTC","74801.9513","purchase",,,
"shakingsats","2021-04-06T12:02:25+00",,,0.000003,"BTC",,"credit","73667.1799",,
"purchase/sale","2021-04-06T20:14:32+00",5,"CAD",0.00006743,"BTC","74149.1881","purchase",,,
"shakingsats","2021-04-07T11:32:09+00",,,0.0000031,"BTC",,"credit","70537.7409",,
"purchase/sale","2021-04-07T20:14:30+00",5,"CAD",0.00006992,"BTC","71501.3288","purchase",,,
"shakingsats","2021-04-08T07:46:26+00",,,0.0000033,"BTC",,"credit","72070.8971",,
"purchase/sale","2021-04-08T20:14:36+00",5,"CAD",0.00006814,"BTC","73373.1480","purchase",,,
"shakingsats","2021-04-09T10:38:29+00",,,0.0000034,"BTC",,"credit","73577.9748",,
"purchase/sale","2021-04-09T20:14:29+00",5,"CAD",0.00006727,"BTC","74320.1735","purchase",,,
"shakingsats","2021-04-10T12:14:11+00",,,0.0000035,"BTC",,"credit","75813.9121",,
"purchase/sale","2021-04-10T20:14:37+00",5,"CAD",0.00006608,"BTC","75665.2785","purchase",,,
"purchase/sale","2021-04-11T20:14:35+00",5,"CAD",0.00006598,"BTC","75779.4867","purchase",,,
"shakingsats","2021-04-11T20:16:26+00",,,0.0000037,"BTC",,"credit","74854.4383",,
"peer transfer","2021-04-12T01:16:40+00",18,"CAD",,,,"debit",,"@ananas",
"shakingsats","2021-04-12T05:31:54+00",,,0.0000038,"BTC",,"credit","75517.9396",,
"purchase/sale","2021-04-12T20:14:27+00",5,"CAD",0.00006562,"BTC","76191.2321","purchase",,,
"shakingsats","2021-04-13T12:56:04+00",,,0.0000039,"BTC",,"credit","79387.2383",,
"purchase/sale","2021-04-13T20:14:32+00",5,"CAD",0.00006234,"BTC","80192.9629","purchase",,,
"shakingsats","2021-04-14T09:49:22+00",,,0.0000041,"BTC",,"credit","79846.2966",,
"purchase/sale","2021-04-14T19:07:05+00",1500,"CAD",0.01902701,"BTC","78835.2756","purchase",,,
"purchase/sale","2021-04-14T20:14:31+00",5,"CAD",0.00006355,"BTC","78716.4894","purchase",,,
"shakingsats","2021-04-15T13:44:35+00",,,0.0000042,"BTC",,"credit","78900.4926",,
"purchase/sale","2021-04-15T20:14:38+00",5,"CAD",0.00006219,"BTC","80395.8092","purchase",,,
"shakingsats","2021-04-16T11:29:00+00",,,0.0000043,"BTC",,"credit","75658.3905",,
"purchase/sale","2021-04-16T20:14:31+00",5,"CAD",0.00006387,"BTC","78330.1083","purchase",,,
"purchase/sale","2021-04-17T20:14:36+00",5,"CAD",0.00006504,"BTC","76866.9893","purchase",,,
"purchase/sale","2021-04-18T03:38:36+00",150,"CAD",0.00209403,"BTC","71632.1017","purchase",,,
"fiat funding","2021-04-18T04:17:56+00",,,1000,"CAD",,"credit",,"felfelahmeed@gmail.com",
"purchase/sale","2021-04-18T04:18:57+00",950,"CAD",0.01295012,"BTC","73358.3771","purchase",,,
"shakingsats","2021-04-18T12:37:48+00",,,0.0000015,"BTC",,"credit","68430.7928",,
"purchase/sale","2021-04-18T20:14:39+00",5,"CAD",0.00007034,"BTC","71080.6013","purchase",,,
"shakingsats","2021-04-19T15:48:24+00",,,0.0000017,"BTC",,"credit","68045.9362",,
"purchase/sale","2021-04-19T20:14:37+00",5,"CAD",0.00007046,"BTC","70957.8505","purchase",,,
"shakingsats","2021-04-20T18:06:37+00",,,0.0000018,"BTC",,"credit","70526.6267",,
"purchase/sale","2021-04-20T20:14:35+00",5,"CAD",0.00006926,"BTC","72188.9683","purchase",,,
"shakingsats","2021-04-21T11:49:21+00",,,0.000002,"BTC",,"credit","68671.8801",,
"purchase/sale","2021-04-21T20:14:31+00",5,"CAD",0.00007172,"BTC","69686.6259","purchase",,,
"peer transfer","2021-04-21T23:47:03+00",,,5,"CAD",,"credit",,"@ananas",
"shakingsats","2021-04-22T13:08:10+00",,,0.0000021,"BTC",,"credit","68660.1506",,
"peer transfer","2021-04-22T13:08:30+00",5,"CAD",,,,"debit",,"@ananas",
"purchase/sale","2021-04-22T19:16:39+00",20,"CAD",0.00030055,"BTC","66542.6856","purchase",,,
"peer transfer","2021-04-22T19:17:07+00",5,"CAD",,,,"debit",,"@magellol",
"peer transfer","2021-04-22T19:17:39+00",,,5,"CAD",,"credit",,"@magellol",
"purchase/sale","2021-04-22T20:14:35+00",5,"CAD",0.00007514,"BTC","66541.0480","purchase",,,
"purchase/sale","2021-04-23T12:30:52+00",30,"CAD",0.00047823,"BTC","62731.0260","purchase",,,
"peer transfer","2021-04-23T14:40:06+00",5,"CAD",,,,"debit",,"@roublex",
"peer transfer","2021-04-23T14:41:40+00",5,"CAD",,,,"debit",,"@gabriella",
"peer transfer","2021-04-23T16:09:26+00",,,5,"CAD",,"credit",,"@roublex",
"shakingsats","2021-04-23T18:20:39+00",,,0.0000023,"BTC",,"credit","62518.2584",,
"fiat funding","2021-04-23T19:33:08+00",,,300,"CAD",,"credit",,"felfelahmeed@gmail.com",
"purchase/sale","2021-04-23T19:38:07+00",120,"CAD",0.00187783,"BTC","63903.3821","purchase",,,
"purchase/sale","2021-04-23T20:14:34+00",5,"CAD",0.0000773,"BTC","64675.6285","purchase",,,
"peer transfer","2021-04-23T22:00:49+00",,,5,"CAD",,"credit",,"@magellol",
"peer transfer","2021-04-24T10:20:52+00",5,"CAD",,,,"debit",,"@magellol",
"shakingsats","2021-04-24T10:26:45+00",,,0.0000024,"BTC",,"credit","61404.7595",,
"purchase/sale","2021-04-24T11:00:15+00",200,"CAD",0.00322586,"BTC","61981.7991","purchase",,,
"peer transfer","2021-04-24T11:23:40+00",,,5,"CAD",,"credit",,"@gabriella",
"peer transfer","2021-04-24T12:03:04+00",,,5,"CAD",,"credit",,"@magellol",
"purchase/sale","2021-04-24T20:14:34+00",5,"CAD",0.00007816,"BTC","63966.8852","purchase",,,
"peer transfer","2021-04-25T16:29:32+00",,,5,"CAD",,"credit",,"@magellol",
"purchase/sale","2021-04-25T20:14:27+00",5,"CAD",0.00007996,"BTC","62528.4981","purchase",,,
"shakingsats","2021-04-25T20:14:48+00",,,0.0000026,"BTC",,"credit","61778.7287",,
"shakingsats","2021-04-26T15:15:46+00",,,0.0000027,"BTC",,"credit","66161.9035",,
"peer transfer","2021-04-26T15:16:21+00",5,"CAD",,,,"debit",,"@magellol",
"peer transfer","2021-04-26T15:16:33+00",5,"CAD",,,,"debit",,"@ananas",
"peer transfer","2021-04-26T15:34:24+00",,,5,"CAD",,"credit",,"@magellol",
"purchase/sale","2021-04-26T20:14:30+00",5,"CAD",0.00007401,"BTC","67549.6553","purchase",,,
"shakingsats","2021-04-27T09:42:42+00",,,0.0000028,"BTC",,"credit","67901.6478",,
"peer transfer","2021-04-27T16:18:52+00",,,5,"CAD",,"credit",,"@magellol",
"peer transfer","2021-04-27T18:04:58+00",5,"CAD",,,,"debit",,"@magellol",
"peer transfer","2021-04-27T18:05:29+00",5,"CAD",,,,"debit",,"@gabriella",
"peer transfer","2021-04-27T18:07:18+00",5,"CAD",,,,"debit",,"@ananas",
"peer transfer","2021-04-27T18:18:38+00",,,5,"CAD",,"credit",,"@gabriella",
"purchase/sale","2021-04-27T20:14:32+00",5,"CAD",0.00007244,"BTC","69015.0253","purchase",,,
"shakingsats","2021-04-28T10:09:31+00",,,0.000003,"BTC",,"credit","67489.3325",,
"peer transfer","2021-04-28T13:11:40+00",5,"CAD",,,,"debit",,"@magellol",
"peer transfer","2021-04-28T16:06:44+00",,,10,"CAD",,"credit",,"@magellol",
"purchase/sale","2021-04-28T20:14:38+00",5,"CAD",0.00007194,"BTC","69500.0625","purchase",,,
"peer transfer","2021-04-28T22:38:46+00",,,25.37,"CAD",,"credit",,"@ananas",
"shakingsats","2021-04-29T11:43:18+00",,,0.0000031,"BTC",,"credit","66803.4189",,
"peer transfer","2021-04-29T13:49:44+00",5,"CAD",,,,"debit",,"@magellol",
"peer transfer","2021-04-29T13:50:00+00",5,"CAD",,,,"debit",,"@gabriella",
"purchase/sale","2021-04-30T13:44:40+00",8,"CAD",0.00011616,"BTC","68865.1365","purchase",,,
"shakingsats","2021-04-30T14:16:28+00",,,0.0000033,"BTC",,"credit","68917.4200",,
"peer transfer","2021-04-30T19:08:35+00",,,5,"CAD",,"credit",,"@magellol",
"peer transfer","2021-04-30T20:31:31+00",,,5,"CAD",,"credit",,"@gabriella",
"shakingsats","2021-05-01T11:37:50+00",,,0.0000034,"BTC",,"credit","70929.4985",,
"purchase/sale","2021-05-01T13:44:42+00",8,"CAD",0.00011145,"BTC","71777.5659","purchase",,,
"peer transfer","2021-05-01T14:34:27+00",,,11.84,"CAD",,"credit",,"@magellol",
"peer transfer","2021-05-01T22:09:50+00",,,11.84,"CAD",,"credit",,"@magellol",
"purchase/sale","2021-05-02T13:44:34+00",8,"CAD",0.00011339,"BTC","70550.4780","purchase",,,
"peer transfer","2021-05-02T14:49:21+00",,,5,"CAD",,"credit",,"@magellol",
"peer transfer","2021-05-02T15:03:33+00",5,"CAD",,,,"debit",,"@magellol",
"shakingsats","2021-05-02T20:38:31+00",,,0.00000235,"BTC",,"credit","69701.4028",,
"purchase/sale","2021-05-03T13:44:35+00",8,"CAD",0.00011031,"BTC","72518.7475","purchase",,,
"shakingsats","2021-05-03T13:45:48+00",,,0.00000245,"BTC",,"credit","71589.5374",,
"peer transfer","2021-05-03T14:27:23+00",,,5,"CAD",,"credit",,"@magellol",
"peer transfer","2021-05-03T14:27:48+00",5,"CAD",,,,"debit",,"@magellol",
"shakingsats","2021-05-04T11:18:44+00",,,0.00000255,"BTC",,"credit","68952.1169",,
"peer transfer","2021-05-04T11:19:06+00",5,"CAD",,,,"debit",,"@magellol",
"purchase/sale","2021-05-04T13:44:38+00",8,"CAD",0.00011533,"BTC","69362.2173","purchase",,,
"shakingsats","2021-05-05T10:58:15+00",,,0.00000265,"BTC",,"credit","68373.4149",,
"peer transfer","2021-05-05T10:58:59+00",5,"CAD",,,,"debit",,"@magellol",
"purchase/sale","2021-05-05T13:44:39+00",8,"CAD",0.00011457,"BTC","69825.3581","purchase",,,
"peer transfer","2021-05-05T17:56:11+00",,,10,"CAD",,"credit",,"@magellol",
"shakingsats","2021-05-06T10:35:45+00",,,0.0000027,"BTC",,"credit","71244.8656",,
"purchase/sale","2021-05-06T13:44:29+00",8,"CAD",0.00011277,"BTC","70939.9420","purchase",,,
"fiat funding","2021-05-06T13:53:44+00",,,300,"CAD",,"credit",,"felfelahmeed@gmail.com",
"shakingsats","2021-05-07T13:08:23+00",,,0.0000028,"BTC",,"credit","69952.4838",,
"purchase/sale","2021-05-07T13:44:38+00",8,"CAD",0.00011351,"BTC","70474.6458","purchase",,,
"shakingsats","2021-05-08T12:21:31+00",,,0.0000029,"BTC",,"credit","71040.0401",,
"peer transfer","2021-05-08T12:23:31+00",20.24,"CAD",,,,"debit",,"@magellol",
"purchase/sale","2021-05-08T13:44:36+00",8,"CAD",0.00010963,"BTC","72971.5388","purchase",,,
"shakingsats","2021-05-09T07:15:20+00",,,0.00000295,"BTC",,"credit","70594.8567",,
"purchase/sale","2021-05-09T13:44:30+00",8,"CAD",0.00011397,"BTC","70188.5143","purchase",,,
"shakingsats","2021-05-10T11:45:13+00",,,0.00000305,"BTC",,"credit","70610.6878",,
"purchase/sale","2021-05-10T13:44:31+00",8,"CAD",0.00011286,"BTC","70878.1423","purchase",,,
"shakingsats","2021-05-11T10:20:38+00",,,0.00000315,"BTC",,"credit","67826.1544",,
"purchase/sale","2021-05-11T13:44:55+00",8,"CAD",0.00011786,"BTC","67872.1554","purchase",,,
"shakingsats","2021-05-12T04:44:00+00",,,0.0000032,"BTC",,"credit","69677.9288",,
"purchase/sale","2021-05-12T13:44:28+00",8,"CAD",0.00011599,"BTC","68967.0206","purchase",,,
"shakingsats","2021-05-13T10:49:39+00",,,0.0000033,"BTC",,"credit","60034.1486",,
"purchase/sale","2021-05-13T10:53:25+00",100,"CAD",0.00164812,"BTC","60675.1669","purchase",,,
"purchase/sale","2021-05-13T13:44:37+00",8,"CAD",0.00012911,"BTC","61961.0232","purchase",,,
"purchase/sale","2021-05-13T18:45:28+00",100,"CAD",0.00169835,"BTC","58880.6535","purchase",,,
"purchase/sale","2021-05-14T13:44:33+00",8,"CAD",0.00012893,"BTC","62048.8043","purchase",,,
"shakingsats","2021-05-14T21:45:19+00",,,0.0000034,"BTC",,"credit","60183.5181",,
"shakingsats","2021-05-15T13:22:49+00",,,0.00000345,"BTC",,"credit","59397.7076",,
"purchase/sale","2021-05-15T13:44:34+00",8,"CAD",0.0001323,"BTC","60468.1666","purchase",,,
"fiat funding","2021-05-15T13:48:29+00",,,300,"CAD",,"credit",,"felfelahmeed@gmail.com",
"purchase/sale","2021-05-15T13:49:17+00",280,"CAD",0.00464282,"BTC","60308.1149","purchase",,,
"shakingsats","2021-05-16T13:02:42+00",,,0.00000355,"BTC",,"credit","59004.8901",,
"purchase/sale","2021-05-16T13:44:31+00",8,"CAD",0.0001335,"BTC","59921.7932","purchase",,,
"shakingsats","2021-05-17T08:51:02+00",,,0.0000036,"BTC",,"credit","54882.9519",,
"purchase/sale","2021-05-17T13:44:31+00",8,"CAD",0.00014505,"BTC","55178.1712","purchase",,,
"shakingsats","2021-05-18T11:48:25+00",,,0.0000037,"BTC",,"credit","54750.4770",,
"purchase/sale","2021-05-18T13:45:18+00",8,"CAD",0.00014929,"BTC","53584.1624","purchase",,,
"shakingsats","2021-05-19T11:53:39+00",,,0.00000375,"BTC",,"credit","46474.6347",,
"fiat funding","2021-05-19T13:08:47+00",,,300,"CAD",,"credit",,"felfelahmeed@gmail.com",
"purchase/sale","2021-05-19T13:09:24+00",280,"CAD",0.00717187,"BTC","39041.3824","purchase",,,
"purchase/sale","2021-05-19T13:44:39+00",8,"CAD",0.00017284,"BTC","46284.8805","purchase",,,
"shakingsats","2021-05-20T11:53:21+00",,,0.00000385,"BTC",,"credit","48955.4013",,
"purchase/sale","2021-05-20T13:44:33+00",8,"CAD",0.00015681,"BTC","51014.7677","purchase",,,
"shakingsats","2021-05-21T10:21:29+00",,,0.00000395,"BTC",,"credit","49253.8629",,
"purchase/sale","2021-05-21T13:44:35+00",8,"CAD",0.00015902,"BTC","50306.9561","purchase",,,
"shakingsats","2021-05-22T13:22:18+00",,,0.000004,"BTC",,"credit","46317.6901",,
"purchase/sale","2021-05-22T13:44:31+00",8,"CAD",0.0001701,"BTC","47030.3630","purchase",,,
"shakingsats","2021-05-23T10:04:37+00",,,0.00000405,"BTC",,"credit","41743.4471",,
"purchase/sale","2021-05-23T13:44:29+00",8,"CAD",0.00019683,"BTC","40643.6761","purchase",,,
"fiat funding","2021-05-23T13:51:37+00",,,100,"CAD",,"credit",,"felfelahmeed@gmail.com",
"shakingsats","2021-05-24T12:57:50+00",,,0.00000415,"BTC",,"credit","46282.4081",,
"purchase/sale","2021-05-24T13:44:32+00",8,"CAD",0.00017306,"BTC","46225.0156","purchase",,,
"shakingsats","2021-05-25T09:12:42+00",,,0.0000042,"BTC",,"credit","45979.6913",,
"purchase/sale","2021-05-25T13:44:31+00",8,"CAD",0.00017362,"BTC","46076.9825","purchase",,,
"peer transfer","2021-05-25T13:46:00+00",9.53,"CAD",,,,"debit",,"@magellol",
"shakingsats","2021-05-26T11:21:20+00",,,0.0000043,"BTC",,"credit","47987.5662",,
"purchase/sale","2021-05-26T13:44:34+00",8,"CAD",0.00016601,"BTC","48188.9179","purchase",,,
"shakingsats","2021-05-27T11:49:32+00",,,0.00000435,"BTC",,"credit","47928.8526",,
"purchase/sale","2021-05-27T13:44:36+00",8,"CAD",0.00016362,"BTC","48893.5164","purchase",,,
"shakingsats","2021-05-28T10:57:11+00",,,0.00000445,"BTC",,"credit","43565.0593",,
"purchase/sale","2021-05-28T13:44:37+00",8,"CAD",0.00017674,"BTC","45263.7693","purchase",,,
"purchase/sale","2021-05-29T13:44:31+00",8,"CAD",0.00018976,"BTC","42112.3292","purchase",,,
"shakingsats","2021-05-29T13:55:30+00",,,0.0000045,"BTC",,"credit","41770.0689",,
"purchase/sale","2021-05-30T13:44:27+00",8,"CAD",0.00018425,"BTC","43417.0114","purchase",,,
"shakingsats","2021-05-30T13:44:39+00",,,0.00000455,"BTC",,"credit","42909.7074",,
"peer transfer","2021-05-30T18:12:03+00",,,9,"CAD",,"credit",,"@magellol",
"shakingsats","2021-05-31T11:32:24+00",,,0.00000465,"BTC",,"credit","44688.2985",,
"purchase/sale","2021-05-31T13:44:27+00",8,"CAD",0.00017746,"BTC","45079.5424","purchase",,,
"shakingsats","2021-06-01T09:47:12+00",,,0.0000047,"BTC",,"credit","43731.5998",,
"purchase/sale","2021-06-01T13:44:38+00",8,"CAD",0.00017581,"BTC","45501.1595","purchase",,,
"shakingsats","2021-06-02T10:51:17+00",,,0.00000475,"BTC",,"credit","44894.7757",,
"purchase/sale","2021-06-02T13:44:36+00",8,"CAD",0.00017386,"BTC","46013.8125","purchase",,,
"shakingsats","2021-06-03T09:17:35+00",,,0.00000485,"BTC",,"credit","47214.0787",,
"purchase/sale","2021-06-03T13:44:31+00",8,"CAD",0.0001695,"BTC","47196.2622","purchase",,,
"shakingsats","2021-06-04T11:21:03+00",,,0.0000049,"BTC",,"credit","44488.1953",,
"purchase/sale","2021-06-04T13:44:31+00",8,"CAD",0.00017748,"BTC","45065.0085","purchase",,,
"peer transfer","2021-06-05T02:54:29+00",,,24,"CAD",,"credit",,"@magellol",
"shakingsats","2021-06-05T09:50:15+00",,,0.00000495,"BTC",,"credit","44911.5853",,
"purchase/sale","2021-06-05T13:44:26+00",8,"CAD",0.0001826,"BTC","43810.1596","purchase",,,
"shakingsats","2021-06-06T04:46:50+00",,,0.00000505,"BTC",,"credit","43724.9502",,
"purchase/sale","2021-06-06T13:44:32+00",8,"CAD",0.00018283,"BTC","43755.4142","purchase",,,
"purchase/sale","2021-06-07T13:44:31+00",8,"CAD",0.0001792,"BTC","44640.8668","purchase",,,
"fiat funding","2021-06-07T18:00:38+00",,,200,"CAD",,"credit",,"felfelahmeed@gmail.com",
"peer transfer","2021-06-07T18:02:41+00",32,"CAD",,,,"debit",,"@magellol",
"shakingsats","2021-06-07T18:07:43+00",,,0.0000051,"BTC",,"credit","43102.9763",,
"shakingsats","2021-06-08T11:00:02+00",,,0.00000515,"BTC",,"credit","39647.6040",,
"purchase/sale","2021-06-08T13:44:28+00",8,"CAD",0.00020002,"BTC","39995.7762","purchase",,,
"purchase/sale","2021-06-08T14:09:58+00",8,"CAD",0.00020491,"BTC","39040.8545","purchase",,,
"shakingsats","2021-06-09T10:52:02+00",,,0.0000052,"BTC",,"credit","41749.8395",,
"purchase/sale","2021-06-09T13:44:34+00",8,"CAD",0.00018769,"BTC","42623.3718","purchase",,,
"shakingsats","2021-06-10T11:24:39+00",,,0.0000053,"BTC",,"credit","45913.1533",,
"purchase/sale","2021-06-10T13:44:30+00",8,"CAD",0.00017283,"BTC","46287.7297","purchase",,,
"shakingsats","2021-06-11T11:24:42+00",,,0.00000535,"BTC",,"credit","45086.7880",,
"purchase/sale","2021-06-11T13:44:32+00",8,"CAD",0.00017398,"BTC","45982.0823","purchase",,,
"purchase/sale","2021-06-12T13:44:28+00",8,"CAD",0.00018091,"BTC","44219.3287","purchase",,,
"shakingsats","2021-06-12T16:16:58+00",,,0.0000054,"BTC",,"credit","43064.0009",,
"shakingsats","2021-06-13T11:56:48+00",,,0.00000545,"BTC",,"credit","43562.1630",,
"purchase/sale","2021-06-13T13:44:36+00",8,"CAD",0.00018047,"BTC","44326.9538","purchase",,,
"shakingsats","2021-06-14T09:26:42+00",,,0.0000055,"BTC",,"credit","47658.4751",,
"purchase/sale","2021-06-14T13:44:30+00",8,"CAD",0.00016007,"BTC","49977.7193","purchase",,,
"shakingsats","2021-06-15T12:43:13+00",,,0.0000056,"BTC",,"credit","48741.4108",,
"purchase/sale","2021-06-15T13:44:36+00",8,"CAD",0.00016117,"BTC","49636.8472","purchase",,,
"shakingsats","2021-06-16T08:52:28+00",,,0.00000565,"BTC",,"credit","48781.0574",,
"purchase/sale","2021-06-16T13:44:36+00",8,"CAD",0.00016517,"BTC","48434.0636","purchase",,,
"shakingsats","2021-06-17T10:57:03+00",,,0.0000057,"BTC",,"credit","48446.8204",,
"purchase/sale","2021-06-17T13:44:27+00",8,"CAD",0.00016562,"BTC","48302.2904","purchase",,,
"shakingsats","2021-06-18T11:45:49+00",,,0.00000575,"BTC",,"credit","46799.8793",,
"purchase/sale","2021-06-18T13:44:25+00",8,"CAD",0.00017175,"BTC","46578.1127","purchase",,,
"purchase/sale","2021-06-19T13:44:24+00",8,"CAD",0.00017716,"BTC","45156.7062","purchase",,,
"shakingsats","2021-06-19T14:55:09+00",,,0.0000058,"BTC",,"credit","45019.2976",,
"shakingsats","2021-06-20T05:34:21+00",,,0.00000585,"BTC",,"credit","44539.9514",,
"purchase/sale","2021-06-20T13:44:28+00",8,"CAD",0.00018662,"BTC","42867.1822","purchase",,,
"peer transfer","2021-06-21T02:22:00+00",55.94,"CAD",,,,"debit",,"@magellol",
"fiat funding","2021-06-21T02:54:47+00",,,100,"CAD",,"credit",,"felfelahmeed@gmail.com",
"purchase/sale","2021-06-21T13:44:30+00",8,"CAD",0.00019522,"BTC","40978.8433","purchase",,,
"shakingsats","2021-06-21T19:57:20+00",,,0.0000059,"BTC",,"credit","40257.5126",,
"shakingsats","2021-06-22T11:24:27+00",,,0.000006,"BTC",,"credit","39080.6101",,
"purchase/sale","2021-06-22T13:44:32+00",8,"CAD",0.00021615,"BTC","37037.0205","purchase",,,
"shakingsats","2021-06-23T10:09:24+00",,,0.00000605,"BTC",,"credit","41726.0255",,
"purchase/sale","2021-06-23T13:44:36+00",8,"CAD",0.00018846,"BTC","42448.2585","purchase",,,
"shakingsats","2021-06-24T11:25:37+00",,,0.0000061,"BTC",,"credit","41202.7306",,
"purchase/sale","2021-06-24T13:44:28+00",8,"CAD",0.00018902,"BTC","42321.7785","purchase",,,
"purchase/sale","2021-06-25T13:44:33+00",8,"CAD",0.00019533,"BTC","40955.5053","purchase",,,
"shakingsats","2021-06-25T13:45:14+00",,,0.00000615,"BTC",,"credit","40504.4279",,
"purchase/sale","2021-06-26T13:44:28+00",8,"CAD",0.00020619,"BTC","38798.0978","purchase",,,
"shakingsats","2021-06-26T13:54:17+00",,,0.0000062,"BTC",,"credit","37834.1520",,
"shakingsats","2021-06-27T09:50:10+00",,,0.00000625,"BTC",,"credit","40064.0880",,
"purchase/sale","2021-06-27T13:44:28+00",8,"CAD",0.00019325,"BTC","41395.5957","purchase",,,
"shakingsats","2021-06-28T04:25:06+00",,,0.0000063,"BTC",,"credit","42352.7044",,
"purchase/sale","2021-06-28T13:44:22+00",8,"CAD",0.00018665,"BTC","42860.9521","purchase",,,
"shakingsats","2021-06-29T10:33:46+00",,,0.00000635,"BTC",,"credit","43684.8264",,
"purchase/sale","2021-06-29T13:45:00+00",8,"CAD",0.00017563,"BTC","45548.6407","purchase",,,
"purchase/sale","2021-06-30T13:44:29+00",8,"CAD",0.00018461,"BTC","43332.6343","purchase",,,
"shakingsats","2021-06-30T13:45:04+00",,,0.0000064,"BTC",,"credit","42809.9338",,
"purchase/sale","2021-07-01T13:44:26+00",8,"CAD",0.00019013,"BTC","42074.6711","purchase",,,
"shakingsats","2021-07-01T13:44:35+00",,,0.00000645,"BTC",,"credit","41607.7438",,
"shakingsats","2021-07-02T12:41:10+00",,,0.0000065,"BTC",,"credit","40974.5102",,
"purchase/sale","2021-07-02T13:44:28+00",8,"CAD",0.00019157,"BTC","41760.1849","purchase",,,
"shakingsats","2021-07-03T12:08:36+00",,,0.00000655,"BTC",,"credit","42772.7330",,
"purchase/sale","2021-07-03T13:44:33+00",8,"CAD",0.00018539,"BTC","43151.0507","purchase",,,
"peer transfer","2021-07-03T21:13:38+00",,,11,"CAD",,"credit",,"@ananas",
"purchase/sale","2021-07-04T13:44:24+00",8,"CAD",0.00018149,"BTC","44078.2836","purchase",,,
"shakingsats","2021-07-04T18:08:12+00",,,0.0000066,"BTC",,"credit","43736.3706",,
"shakingsats","2021-07-05T13:47:24+00",,,0.00000665,"BTC",,"credit","41718.9712",,
"shakingsats","2021-07-06T22:38:05+00",,,0.0000067,"BTC",,"credit","42381.4836",,
"shakingsats","2021-07-07T10:41:35+00",,,0.00000675,"BTC",,"credit","43105.0324",,
"shakingsats","2021-07-08T23:48:45+00",,,0.0000068,"BTC",,"credit","41149.3011",,
"shakingsats","2021-07-09T16:31:23+00",,,0.00000685,"BTC",,"credit","41919.6059",,
"shakingsats","2021-07-12T03:51:32+00",,,0.000001,"BTC",,"credit","43031.0607",,
"shakingsats","2021-07-12T15:15:26+00",,,0.0000011,"BTC",,"credit","41658.3575",,
"shakingsats","2021-07-13T14:10:00+00",,,0.0000012,"BTC",,"credit","40733.8515",,
"shakingsats","2021-07-15T01:00:57+00",,,0.0000013,"BTC",,"credit","41438.3545",,
"shakingsats","2021-07-16T02:02:07+00",,,0.0000014,"BTC",,"credit","40133.2320",,
"shakingsats","2021-07-16T15:42:56+00",,,0.0000015,"BTC",,"credit","40364.3380",,
"shakingsats","2021-07-17T19:27:30+00",,,0.0000016,"BTC",,"credit","40122.8775",,
"shakingsats","2021-07-18T15:38:49+00",,,0.0000017,"BTC",,"credit","39628.4188",,
"shakingsats","2021-07-19T13:42:42+00",,,0.0000018,"BTC",,"credit","38985.3553",,
"shakingsats","2021-07-20T12:41:55+00",,,0.0000019,"BTC",,"credit","37944.9828",,
"shakingsats","2021-07-21T12:45:43+00",,,0.000002,"BTC",,"credit","39931.8015",,
"shakingsats","2021-07-22T04:42:43+00",,,0.0000021,"BTC",,"credit","40373.2426",,
"shakingsats","2021-07-23T12:30:27+00",,,0.0000022,"BTC",,"credit","40654.6401",,
"shakingsats","2021-07-24T14:47:45+00",,,0.00000225,"BTC",,"credit","42604.1212",,
"shakingsats","2021-07-25T18:44:23+00",,,0.00000235,"BTC",,"credit","43249.8611",,
"shakingsats","2021-07-26T14:59:00+00",,,0.00000245,"BTC",,"credit","48086.2617",,
"fiat funding","2021-07-26T18:55:46+00",,,200,"CAD",,"credit",,"felfelahmeed@gmail.com",
"purchase/sale","2021-07-26T18:57:19+00",6,"CAD",0.00011896,"BTC","50435.4472","purchase",,,
"shakingsats","2021-07-27T13:18:34+00",,,0.00000255,"BTC",,"credit","48104.4078",,
"purchase/sale","2021-07-27T18:59:33+00",6,"CAD",0.00012428,"BTC","48276.2536","purchase",,,
"shakingsats","2021-07-28T04:15:04+00",,,0.00000265,"BTC",,"credit","50027.1351",,
"peer transfer","2021-07-28T16:16:09+00",73,"CAD",,,,"debit",,"@magellol",
"purchase/sale","2021-07-28T18:59:43+00",6,"CAD",0.0001171,"BTC","51236.5868","purchase",,,
"shakingsats","2021-07-29T04:58:17+00",,,0.0000027,"BTC",,"credit","50019.7451",,
"purchase/sale","2021-07-29T18:59:42+00",6,"CAD",0.00012065,"BTC","49728.8844","purchase",,,
"shakingsats","2021-07-30T05:56:14+00",,,0.0000028,"BTC",,"credit","49509.2691",,
"purchase/sale","2021-07-30T18:59:40+00",6,"CAD",0.00012158,"BTC","49347.5004","purchase",,,
"shakingsats","2021-07-31T17:21:26+00",,,0.0000029,"BTC",,"credit","51512.4088",,
"purchase/sale","2021-07-31T18:59:35+00",6,"CAD",0.00011474,"BTC","52287.7731","purchase",,,
"shakingsats","2021-08-01T16:05:19+00",,,0.00000295,"BTC",,"credit","51461.6447",,
"purchase/sale","2021-08-01T18:59:39+00",6,"CAD",0.00011587,"BTC","51780.2235","purchase",,,
"shakingsats","2021-08-02T14:33:53+00",,,0.00000305,"BTC",,"credit","49436.9079",,
"purchase/sale","2021-08-02T18:59:34+00",6,"CAD",0.00011958,"BTC","50172.9763","purchase",,,
"shakingsats","2021-08-03T13:57:22+00",,,0.00000315,"BTC",,"credit","48430.8144",,
"peer transfer","2021-08-03T18:00:15+00",,,23,"CAD",,"credit",,"@magellol",
"purchase/sale","2021-08-03T18:59:40+00",6,"CAD",0.00012392,"BTC","48415.3523","purchase",,,
"shakingsats","2021-08-04T14:54:20+00",,,0.0000032,"BTC",,"credit","49052.5690",,
"purchase/sale","2021-08-04T18:59:39+00",6,"CAD",0.00011949,"BTC","50211.3905","purchase",,,
"shakingsats","2021-08-05T10:30:15+00",,,0.0000033,"BTC",,"credit","47692.8061",,
"purchase/sale","2021-08-05T18:59:39+00",6,"CAD",0.00011625,"BTC","51609.7959","purchase",,,
"shakingsats","2021-08-06T11:29:23+00",,,0.0000034,"BTC",,"credit","50830.7228",,
"purchase/sale","2021-08-06T18:59:42+00",6,"CAD",0.00011035,"BTC","54368.5041","purchase",,,
"shakingsats","2021-08-07T16:08:56+00",,,0.00000345,"BTC",,"credit","53863.0893",,
"shakingsats","2021-08-08T13:10:49+00",,,0.00000355,"BTC",,"credit","56448.7948",,
"purchase/sale","2021-08-08T16:14:30+00",5,"CAD",0.00008892,"BTC","56227.9109","purchase",,,
"shakingsats","2021-08-09T04:45:47+00",,,0.0000036,"BTC",,"credit","54803.6876",,
"purchase/sale","2021-08-09T16:14:35+00",5,"CAD",0.00008582,"BTC","58255.4525","purchase",,,
"peer transfer","2021-08-09T16:17:32+00",12.27,"CAD",,,,"debit",,"@magellol",
"shakingsats","2021-08-10T13:17:37+00",,,0.0000037,"BTC",,"credit","57675.3155",,
"purchase/sale","2021-08-10T16:14:30+00",5,"CAD",0.00008738,"BTC","57214.9470","purchase",,,
"shakingsats","2021-08-11T15:34:26+00",,,0.00000375,"BTC",,"credit","58297.2259",,
"purchase/sale","2021-08-11T16:14:29+00",5,"CAD",0.00008515,"BTC","58715.0837","purchase",,,
"shakingsats","2021-08-12T08:51:56+00",,,0.00000385,"BTC",,"credit","56578.5611",,
"purchase/sale","2021-08-12T08:52:55+00",5,"CAD",0.00008727,"BTC","57289.4124","purchase",,,
"purchase/sale","2021-08-13T08:44:26+00",5,"CAD",0.00008546,"BTC","58506.1610","purchase",,,
"shakingsats","2021-08-13T15:05:58+00",,,0.00000395,"BTC",,"credit","58047.6691",,
"purchase/sale","2021-08-14T08:44:26+00",5,"CAD",0.00008281,"BTC","60372.4343","purchase",,,
"purchase/sale","2021-08-15T08:44:27+00",5,"CAD",0.00008627,"BTC","57951.3859","purchase",,,
"shakingsats","2021-08-15T10:42:29+00",,,0.000001,"BTC",,"credit","57600.9035",,
"purchase/sale","2021-08-16T08:44:27+00",5,"CAD",0.00008351,"BTC","59870.5864","purchase",,,
"shakingsats","2021-08-17T00:21:33+00",,,0.0000011,"BTC",,"credit","57407.1887",,
"purchase/sale","2021-08-17T08:44:26+00",5,"CAD",0.0000847,"BTC","59028.1469","purchase",,,
"shakingsats","2021-08-17T09:38:04+00",,,0.0000012,"BTC",,"credit","58901.1964",,
"purchase/sale","2021-08-18T08:44:24+00",5,"CAD",0.00008689,"BTC","57542.6441","purchase",,,
"shakingsats","2021-08-18T13:49:11+00",,,0.0000013,"BTC",,"credit","56990.1556",,
"purchase/sale","2021-08-19T08:44:24+00",5,"CAD",0.00008656,"BTC","57757.0120","purchase",,,
"shakingsats","2021-08-19T14:12:26+00",,,0.0000014,"BTC",,"credit","57723.9457",,
"purchase/sale","2021-08-20T08:44:26+00",5,"CAD",0.00008169,"BTC","61201.4633","purchase",,,
"shakingsats","2021-08-20T11:20:43+00",,,0.0000015,"BTC",,"credit","60856.7294",,
"shakingsats","2021-08-21T08:44:39+00",,,0.0000016,"BTC",,"credit","62704.4576",,
"shakingsats","2021-08-22T14:36:48+00",,,0.0000017,"BTC",,"credit","62317.7795",,
"shakingsats","2021-08-23T16:17:01+00",,,0.0000018,"BTC",,"credit","62790.4231",,
"shakingsats","2021-08-25T12:17:57+00",,,0.000001,"BTC",,"credit","60253.4932",,
"shakingsats","2021-08-26T12:48:24+00",,,0.0000011,"BTC",,"credit","59233.6155",,
"shakingsats","2021-08-27T14:47:46+00",,,0.0000012,"BTC",,"credit","60719.3037",,
"shakingsats","2021-08-29T13:52:22+00",,,0.000001,"BTC",,"credit","61139.1297",,
"shakingsats","2021-08-30T13:27:34+00",,,0.0000011,"BTC",,"credit","59887.3765",,
"shakingsats","2021-08-31T05:44:12+00",,,0.0000012,"BTC",,"credit","59311.2696",,
"shakingsats","2021-09-01T14:04:17+00",,,0.0000013,"BTC",,"credit","59784.4670",,
"shakingsats","2021-09-02T12:58:13+00",,,0.0000014,"BTC",,"credit","62985.1904",,
"shakingsats","2021-09-03T17:21:53+00",,,0.0000015,"BTC",,"credit","63317.7457",,
"shakingsats","2021-09-04T13:33:56+00",,,0.0000016,"BTC",,"credit","62849.4386",,
"shakingsats","2021-09-05T15:58:42+00",,,0.0000017,"BTC",,"credit","62875.0906",,
"shakingsats","2021-09-06T16:33:49+00",,,0.0000018,"BTC",,"credit","64728.2462",,
"shakingsats","2021-09-07T15:05:47+00",,,0.0000019,"BTC",,"credit","59977.2013",,
"shakingsats","2021-09-08T17:37:35+00",,,0.000002,"BTC",,"credit","58264.7830",,
"shakingsats","2021-09-09T20:03:18+00",,,0.0000021,"BTC",,"credit","58939.7699",,
"shakingsats","2021-09-10T14:45:24+00",,,0.0000022,"BTC",,"credit","56863.1073",,
"shakingsats","2021-09-11T05:17:53+00",,,0.00000225,"BTC",,"credit","57330.3820",,
"shakingsats","2021-09-12T14:17:20+00",,,0.00000235,"BTC",,"credit","58271.0796",,
"purchase/sale","2021-09-12T14:28:08+00",0.002,"BTC",115.2,"CAD","57601.8222","sale",,,
"fiat cashout","2021-09-12T14:28:35+00",119,"CAD",,,,"debit",,"felfelahmeed@gmail.com",
"shakingsats","2021-09-14T13:30:47+00",,,0.000001,"BTC",,"credit","58721.7588",,
"shakingsats","2021-09-16T15:06:03+00",,,0.000001,"BTC",,"credit","60292.2652",,
"shakingsats","2021-09-17T13:19:29+00",,,0.0000011,"BTC",,"credit","59946.8598",,
"shakingsats","2021-09-19T14:34:01+00",,,0.000001,"BTC",,"credit","60655.3789",,
"fiat funding","2021-09-20T19:52:48+00",,,100,"CAD",,"credit",,"felfelahmeed@gmail.com",
"shakingsats","2021-09-20T19:53:36+00",,,0.0000011,"BTC",,"credit","56189.7894",,
"peer transfer","2021-09-20T19:53:55+00",11.01,"CAD",,,,"debit",,"@magellol",
"purchase/sale","2021-09-20T21:36:59+00",60,"CAD",0.0010596,"BTC","56624.9415","purchase",,,
"shakingsats","2021-09-21T12:43:20+00",,,0.0000012,"BTC",,"credit","55078.4871",,
"purchase/sale","2021-09-21T17:24:48+00",20,"CAD",0.00036717,"BTC","54469.4729","purchase",,,
"shakingsats","2021-09-23T01:48:34+00",,,0.0000013,"BTC",,"credit","55595.6650",,
"shakingsats","2021-09-23T23:12:47+00",,,0.0000014,"BTC",,"credit","56534.1871",,
"shakingsats","2021-09-24T18:19:52+00",,,0.0000015,"BTC",,"credit","53374.0154",,
"shakingsats","2021-09-26T21:47:47+00",,,0.000001,"BTC",,"credit","55029.6583",,
"shakingsats","2021-09-27T15:04:29+00",,,0.0000011,"BTC",,"credit","54719.7669",,
"shakingsats","2021-09-28T14:24:50+00",,,0.0000012,"BTC",,"credit","52674.8400",,
"shakingsats","2021-09-29T11:36:54+00",,,0.0000013,"BTC",,"credit","53699.4458",,
"shakingsats","2021-09-30T22:40:15+00",,,0.0000014,"BTC",,"credit","55439.3838",,
"peer transfer","2021-09-30T23:02:09+00",,,5.25,"CAD",,"credit",,"@biboshakan",
"shakingsats","2021-10-01T17:47:24+00",,,0.0000015,"BTC",,"credit","60080.9708",,
"shakingsats","2021-10-02T17:02:27+00",,,0.0000016,"BTC",,"credit","60748.5077",,
"shakingsats","2021-10-05T15:43:35+00",,,0.000001,"BTC",,"credit","62674.2198",,
"shakingsats","2021-10-08T20:22:11+00",,,0.000001,"BTC",,"credit","68030.5240",,
"shakingsats","2021-10-09T23:02:19+00",,,0.0000011,"BTC",,"credit","68453.7064",,
"shakingsats","2021-10-11T21:42:52+00",,,0.000001,"BTC",,"credit","71429.2293",,
"shakingsats","2021-10-12T12:32:13+00",,,0.0000011,"BTC",,"credit","70992.7614",,
"shakingsats","2021-10-13T11:51:21+00",,,0.0000012,"BTC",,"credit","68514.4818",,
"shakingsats","2021-10-14T14:03:09+00",,,0.0000013,"BTC",,"credit","71091.8075",,
"shakingsats","2021-10-15T13:06:48+00",,,0.0000014,"BTC",,"credit","73451.1097",,
"shakingsats","2021-10-16T17:30:07+00",,,0.0000015,"BTC",,"credit","74493.3742",,
"fiat funding","2021-10-17T00:34:24+00",,,100,"CAD",,"credit",,"felfelahmeed@gmail.com",
"peer transfer","2021-10-17T00:35:04+00",21,"CAD",,,,"debit",,"@biboshakan",
"shakingsats","2021-10-17T13:08:09+00",,,0.0000016,"BTC",,"credit","75266.7264",,
"peer transfer","2021-10-18T00:08:30+00",10,"CAD",,,,"debit",,"@biboshakan",
"shakingsats","2021-10-18T11:54:28+00",,,0.0000017,"BTC",,"credit","75465.9061",,
"purchase/sale","2021-10-18T18:43:45+00",10,"CAD",0.00012903,"BTC","77500.4705","purchase",,,
"shakingsats","2021-10-19T23:15:26+00",,,0.0000018,"BTC",,"credit","79299.3383",,
"shakingsats","2021-10-20T13:43:41+00",,,0.0000019,"BTC",,"credit","80375.8542",,
"purchase/sale","2021-10-20T14:23:10+00",3.51,"CAD",0.00004265,"BTC","82287.4577","purchase",,,
"peer transfer","2021-10-20T14:23:49+00",8.8,"CAD",,,,"debit",,"@magellol",
"purchase/sale","2021-10-20T16:01:07+00",25,"CAD",0.00030026,"BTC","83258.5079","purchase",,,
"shakingsats","2021-10-21T14:53:45+00",,,0.000002,"BTC",,"credit","78599.3978",,
"shakingsats","2021-10-22T09:00:04+00",,,0.0000021,"BTC",,"credit","78414.2935",,
"shakingsats","2021-10-23T15:43:24+00",,,0.0000022,"BTC",,"credit","75605.1802",,
"shakingsats","2021-10-24T14:27:30+00",,,0.00000225,"BTC",,"credit","74607.0612",,
"shakingsats","2021-10-25T16:42:12+00",,,0.00000235,"BTC",,"credit","78702.7185",,
"purchase/sale","2021-10-25T20:29:21+00",0.007,"BTC",537.31,"CAD","76759.5653","sale",,,
"fiat cashout","2021-10-25T20:30:03+00",500,"CAD",,,,"debit",,"felfelahmeed@gmail.com",
"shakingsats","2021-10-26T14:29:49+00",,,0.00000245,"BTC",,"credit","76623.4631",,
"shakingsats","2021-10-27T12:30:35+00",,,0.00000255,"BTC",,"credit","73072.5898",,
"purchase/sale","2021-10-27T16:44:36+00",3,"CAD",0.00004086,"BTC","73408.7066","purchase",,,
"shakingsats","2021-10-28T05:16:49+00",,,0.00000265,"BTC",,"credit","73129.2675",,
"purchase/sale","2021-10-28T16:44:39+00",3,"CAD",0.00003924,"BTC","76439.5369","purchase",,,
"purchase/sale","2021-10-29T16:44:33+00",3,"CAD",0.00003827,"BTC","78384.4841","purchase",,,
"shakingsats","2021-10-30T15:07:13+00",,,0.000001,"BTC",,"credit","75873.0771",,
"purchase/sale","2021-10-30T16:44:40+00",3,"CAD",0.00003918,"BTC","76560.2256","purchase",,,
"purchase/sale","2021-10-31T16:44:37+00",3,"CAD",0.00003949,"BTC","75957.7815","purchase",,,
"shakingsats","2021-11-01T13:20:05+00",,,0.000001,"BTC",,"credit","76489.5390",,
"purchase/sale","2021-11-01T16:44:37+00",3,"CAD",0.00003925,"BTC","76427.7271","purchase",,,
"purchase/sale","2021-11-02T16:44:36+00",3,"CAD",0.00003748,"BTC","80030.9601","purchase",,,
"shakingsats","2021-11-02T16:47:26+00",,,0.0000011,"BTC",,"credit","79145.7388",,
"shakingsats","2021-11-03T14:49:19+00",,,0.0000012,"BTC",,"credit","77059.9384",,
"purchase/sale","2021-11-03T16:44:37+00",3,"CAD",0.00003842,"BTC","78084.0834","purchase",,,
"peer transfer","2021-11-03T20:46:02+00",,,1,"CAD",,"credit",,"@magellol",
"shakingsats","2021-11-04T11:32:14+00",,,0.0000013,"BTC",,"credit","76578.4924",,
"purchase/sale","2021-11-04T16:44:35+00",3,"CAD",0.00003899,"BTC","76928.4182","purchase",,,
"shakingsats","2021-11-05T14:09:09+00",,,0.0000014,"BTC",,"credit","76979.8924",,
"purchase/sale","2021-11-05T16:44:34+00",3,"CAD",0.00003916,"BTC","76597.6032","purchase",,,
"purchase/sale","2021-11-05T22:55:08+00",0.0068,"BTC",512.23,"CAD","75328.1811","sale",,,
"fiat cashout","2021-11-05T22:55:32+00",540,"CAD",,,,"debit",,"felfelahmeed@gmail.com",
"shakingsats","2021-11-06T14:46:44+00",,,0.0000015,"BTC",,"credit","75668.3937",,
"purchase/sale","2021-11-06T16:44:37+00",3,"CAD",0.00003933,"BTC","76275.4608","purchase",,,
"shakingsats","2021-11-07T16:29:38+00",,,0.0000016,"BTC",,"credit","77415.0101",,
"purchase/sale","2021-11-07T16:30:06+00",0.012,"BTC",918.61,"CAD","76551.4076","sale",,,
"fiat cashout","2021-11-07T16:30:40+00",900,"CAD",,,,"debit",,"felfelahmeed@gmail.com",
"purchase/sale","2021-11-07T16:44:39+00",3,"CAD",0.00003823,"BTC","78469.3249","purchase",,,
"shakingsats","2021-11-08T13:38:17+00",,,0.0000017,"BTC",,"credit","81821.8613",,
"purchase/sale","2021-11-08T16:44:37+00",3,"CAD",0.0000361,"BTC","83094.0316","purchase",,,
"shakingsats","2021-11-09T14:41:42+00",,,0.0000018,"BTC",,"credit","84639.8996",,
"purchase/sale","2021-11-09T16:36:29+00",0.004,"BTC",329.45,"CAD","82363.6439","sale",,,
"fiat cashout","2021-11-09T16:36:53+00",300,"CAD",,,,"debit",,"felfelahmeed@gmail.com",
"purchase/sale","2021-11-09T16:44:35+00",3,"CAD",0.00003554,"BTC","84403.5251","purchase",,,
"purchase/sale","2021-11-10T16:44:34+00",3,"CAD",0.00003478,"BTC","86246.7925","purchase",,,
"purchase/sale","2021-11-11T16:44:39+00",3,"CAD",0.00003623,"BTC","82801.4618","purchase",,,
"shakingsats","2021-11-11T20:16:22+00",,,0.000001,"BTC",,"credit","82004.7220",,
"purchase/sale","2021-11-11T20:23:08+00",0.013,"BTC",1052.5,"CAD","80962.0049","sale",,,
"fiat cashout","2021-11-11T20:23:28+00",1000,"CAD",,,,"debit",,"felfelahmeed@gmail.com",
"shakingsats","2021-11-12T13:11:04+00",,,0.0000011,"BTC",,"credit","80110.0037",,
"purchase/sale","2021-11-12T16:44:40+00",3,"CAD",0.00003783,"BTC","79290.9612","purchase",,,
"shakingsats","2021-11-13T14:12:06+00",,,0.0000012,"BTC",,"credit","80328.7346",,
"purchase/sale","2021-11-13T16:44:33+00",3,"CAD",0.00003646,"BTC","82280.2256","purchase",,,
"shakingsats","2021-11-14T14:01:08+00",,,0.0000013,"BTC",,"credit","81114.6030",,
"purchase/sale","2021-11-14T16:44:34+00",3,"CAD",0.00003709,"BTC","80883.1883","purchase",,,
"purchase/sale","2021-11-15T16:44:35+00",3,"CAD",0.00003693,"BTC","81234.1974","purchase",,,
"purchase/sale","2021-11-16T16:44:35+00",3,"CAD",0.00003903,"BTC","76859.7373","purchase",,,
"shakingsats","2021-11-17T14:55:52+00",,,0.000001,"BTC",,"credit","75141.2413",,
"purchase/sale","2021-11-17T16:44:36+00",3,"CAD",0.00003905,"BTC","76818.8756","purchase",,,
"purchase/sale","2021-11-18T16:44:33+00",3,"CAD",0.00004088,"BTC","73385.4693","purchase",,,
"purchase/sale","2021-11-19T16:44:37+00",3,"CAD",0.00004049,"BTC","74089.1672","purchase",,,
"purchase/sale","2021-11-20T16:44:32+00",3,"CAD",0.00004055,"BTC","73965.6818","purchase",,,
"shakingsats","2021-11-21T02:16:22+00",,,0.000001,"BTC",,"credit","74982.5349",,
"purchase/sale","2021-11-21T16:44:35+00",3,"CAD",0.00003955,"BTC","75839.4982","purchase",,,
"purchase/sale","2021-11-22T16:44:34+00",3,"CAD",0.0000404,"BTC","74256.7698","purchase",,,
"purchase/sale","2021-11-23T16:44:33+00",3,"CAD",0.00004073,"BTC","73647.4543","purchase",,,
"shakingsats","2021-11-24T13:26:40+00",,,0.000001,"BTC",,"credit","71957.0495",,
"purchase/sale","2021-11-24T16:44:34+00",3,"CAD",0.00004134,"BTC","72553.9919","purchase",,,
"peer transfer","2021-11-25T14:53:24+00",4.73,"CAD",,,,"debit",,"@magellol",
"purchase/sale","2021-11-25T16:44:36+00",3,"CAD",0.0000397,"BTC","75554.8395","purchase",,,
"purchase/sale","2021-11-26T16:44:40+00",3,"CAD",0.00004275,"BTC","70160.5763","purchase",,,
"shakingsats","2021-11-26T16:55:29+00",,,0.000001,"BTC",,"credit","69509.0785",,
"purchase/sale","2021-11-26T16:56:37+00",0.012,"BTC",824.58,"CAD","68715.4288","sale",,,
"fiat cashout","2021-11-26T16:56:54+00",800,"CAD",,,,"debit",,"felfelahmeed@gmail.com",
"purchase/sale","2021-11-27T16:44:32+00",3,"CAD",0.00004201,"BTC","71406.9091","purchase",,,
"purchase/sale","2021-11-28T16:44:32+00",3,"CAD",0.0000429,"BTC","69918.9287","purchase",,,
"shakingsats","2021-11-29T06:54:20+00",,,0.000001,"BTC",,"credit","73268.7919",,
"purchase/sale","2021-11-29T16:44:32+00",3,"CAD",0.00004054,"BTC","73988.6757","purchase",,,
"shakingsats","2021-11-30T06:47:11+00",,,0.0000011,"BTC",,"credit","72138.9630",,
"purchase/sale","2021-11-30T16:44:31+00",3,"CAD",0.00004051,"BTC","74055.6608","purchase",,,
"purchase/sale","2021-12-01T16:44:34+00",3,"CAD",0.00003957,"BTC","75796.2701","purchase",,,
"shakingsats","2021-12-02T09:48:56+00",,,0.000001,"BTC",,"credit","72570.5063",,
"purchase/sale","2021-12-02T16:44:30+00",3,"CAD",0.00004122,"BTC","72766.1856","purchase",,,
"shakingsats","2021-12-03T10:01:38+00",,,0.0000011,"BTC",,"credit","73268.0621",,
"purchase/sale","2021-12-03T16:44:39+00",3,"CAD",0.00004187,"BTC","71634.1267","purchase",,,
"purchase/sale","2021-12-04T16:44:35+00",3,"CAD",0.00004797,"BTC","62534.5472","purchase",,,
"purchase/sale","2021-12-05T16:44:36+00",3,"CAD",0.00004766,"BTC","62945.5633","purchase",,,
"shakingsats","2021-12-06T08:15:29+00",,,0.000001,"BTC",,"credit","62203.8137",,
"purchase/sale","2021-12-06T16:44:33+00",3,"CAD",0.00004713,"BTC","63647.9149","purchase",,,
"shakingsats","2021-12-07T08:57:32+00",,,0.0000011,"BTC",,"credit","65212.4160",,
"purchase/sale","2021-12-07T16:44:31+00",3,"CAD",0.00004566,"BTC","65691.1487","purchase",,,
"purchase/sale","2021-12-08T16:44:36+00",3,"CAD",0.00004637,"BTC","64690.0811","purchase",,,
"shakingsats","2021-12-09T13:58:44+00",,,0.000001,"BTC",,"credit","62615.1870",,
"purchase/sale","2021-12-09T16:44:34+00",3,"CAD",0.00004794,"BTC","62565.3139","purchase",,,
"purchase/sale","2021-12-10T16:44:34+00",3,"CAD",0.00004902,"BTC","61196.7029","purchase",,,
"shakingsats","2021-12-11T11:49:03+00",,,0.000001,"BTC",,"credit","61502.0546",,
"purchase/sale","2021-12-11T16:44:29+00",3,"CAD",0.00004733,"BTC","63373.4541","purchase",,,
"purchase/sale","2021-12-12T16:44:30+00",3,"CAD",0.00004682,"BTC","64064.2259","purchase",,,
"purchase/sale","2021-12-13T16:44:31+00",3,"CAD",0.00004911,"BTC","61075.4259","purchase",,,
"shakingsats","2021-12-14T11:18:24+00",,,0.000001,"BTC",,"credit","60663.5237",,
"purchase/sale","2021-12-14T16:44:30+00",3,"CAD",0.00004911,"BTC","61079.2025","purchase",,,
"purchase/sale","2021-12-15T16:44:30+00",3,"CAD",0.00004902,"BTC","61198.6023","purchase",,,
"purchase/sale","2021-12-16T16:44:31+00",3,"CAD",0.0000479,"BTC","62621.6153","purchase",,,
"purchase/sale","2021-12-17T16:44:31+00",3,"CAD",0.00004929,"BTC","60854.6074","purchase",,,
"purchase/sale","2021-12-18T16:44:29+00",3,"CAD",0.00004911,"BTC","61078.0116","purchase",,,
"purchase/sale","2021-12-19T16:44:32+00",3,"CAD",0.00004869,"BTC","61608.4187","purchase",,,
"purchase/sale","2021-12-20T16:44:31+00",3,"CAD",0.00004954,"BTC","60548.7847","purchase",,,
"shakingsats","2021-12-21T10:54:52+00",,,0.000001,"BTC",,"credit","63010.6462",,
"shakingsats","2021-12-24T17:58:33+00",,,0.000001,"BTC",,"credit","65528.3662",,
"shakingsats","2021-12-26T16:59:17+00",,,0.000001,"BTC",,"credit","64405.1383",,
"shakingsats","2021-12-27T16:54:11+00",,,0.0000011,"BTC",,"credit","65879.4525",,
"fiat funding","2021-12-27T17:26:30+00",,,350,"CAD",,"credit",,"felfelahmeed@gmail.com",
"shakingsats","2021-12-28T11:33:35+00",,,0.0000012,"BTC",,"credit","62931.4019",,
"purchase/sale","2021-12-28T17:29:45+00",8,"CAD",0.00012835,"BTC","62327.7895","purchase",,,
"purchase/sale","2021-12-29T17:29:37+00",8,"CAD",0.00012964,"BTC","61708.8556","purchase",,,
"purchase/sale","2021-12-30T17:29:44+00",8,"CAD",0.00012973,"BTC","61663.9135","purchase",,,
"purchase/sale","2021-12-31T17:29:38+00",8,"CAD",0.0001331,"BTC","60105.0566","purchase",,,
"purchase/sale","2022-01-01T17:29:35+00",8,"CAD",0.00013203,"BTC","60587.9081","purchase",,,
"purchase/sale","2022-01-02T17:29:33+00",8,"CAD",0.00013131,"BTC","60924.4594","purchase",,,
"purchase/sale","2022-01-03T17:29:37+00",8,"CAD",0.00013265,"BTC","60304.7970","purchase",,,
"purchase/sale","2022-01-04T17:29:34+00",8,"CAD",0.00013313,"BTC","60087.4431","purchase",,,
"purchase/sale","2022-01-05T17:29:39+00",8,"CAD",0.00013445,"BTC","59500.7114","purchase",,,
"purchase/sale","2022-01-06T17:29:37+00",8,"CAD",0.00014463,"BTC","55311.8923","purchase",,,
"purchase/sale","2022-01-07T17:29:39+00",8,"CAD",0.00014949,"BTC","53513.5058","purchase",,,
"purchase/sale","2022-01-08T17:29:40+00",8,"CAD",0.00015164,"BTC","52753.9309","purchase",,,
"purchase/sale","2022-01-09T17:29:36+00",8,"CAD",0.00014879,"BTC","53765.2286","purchase",,,
"purchase/sale","2022-01-10T17:29:53+00",8,"CAD",0.00015147,"BTC","52812.5397","purchase",,,
"purchase/sale","2022-01-11T17:29:38+00",8,"CAD",0.00014797,"BTC","54063.4445","purchase",,,
"purchase/sale","2022-01-12T17:29:39+00",8,"CAD",0.00014463,"BTC","55310.1336","purchase",,,
"purchase/sale","2022-01-13T17:29:31+00",8,"CAD",0.00014792,"BTC","54082.0278","purchase",,,
"purchase/sale","2022-01-14T17:29:31+00",8,"CAD",0.00014634,"BTC","54663.9459","purchase",,,
"purchase/sale","2022-01-15T17:29:45+00",8,"CAD",0.00014506,"BTC","55148.6139","purchase",,,
"purchase/sale","2022-01-16T17:29:34+00",8,"CAD",0.00014546,"BTC","54997.4939","purchase",,,
"purchase/sale","2022-01-17T17:29:38+00",8,"CAD",0.00015031,"BTC","53220.2826","purchase",,,
"purchase/sale","2022-01-18T17:29:40+00",8,"CAD",0.00015147,"BTC","52815.6549","purchase",,,
"purchase/sale","2022-01-19T17:29:33+00",8,"CAD",0.00014998,"BTC","53337.5086","purchase",,,
"purchase/sale","2022-01-20T17:29:35+00",8,"CAD",0.00014691,"BTC","54452.8513","purchase",,,
"purchase/sale","2022-01-21T17:29:37+00",8,"CAD",0.00016383,"BTC","48828.7368","purchase",,,
"purchase/sale","2022-01-22T17:29:36+00",8,"CAD",0.00018119,"BTC","44152.0099","purchase",,,
"purchase/sale","2022-01-23T17:29:42+00",8,"CAD",0.00017797,"BTC","44951.0442","purchase",,,
"purchase/sale","2022-01-24T17:29:36+00",8,"CAD",0.00017983,"BTC","44486.4548","purchase",,,
"purchase/sale","2022-01-25T17:29:32+00",8,"CAD",0.00016773,"BTC","47693.0951","purchase",,,
"purchase/sale","2022-01-26T17:29:35+00",8,"CAD",0.00016433,"BTC","48681.6822","purchase",,,
"purchase/sale","2022-01-27T17:29:35+00",8,"CAD",0.00017117,"BTC","46734.4796","purchase",,,
"purchase/sale","2022-01-28T17:29:34+00",8,"CAD",0.00016774,"BTC","47692.1228","purchase",,,
"purchase/sale","2022-01-29T17:29:38+00",8,"CAD",0.00016454,"BTC","48617.9016","purchase",,,
"purchase/sale","2022-01-30T17:29:34+00",8,"CAD",0.0001632,"BTC","49017.1930","purchase",,,
"purchase/sale","2022-01-31T17:29:32+00",8,"CAD",0.00016213,"BTC","49340.9038","purchase",,,
"purchase/sale","2022-02-01T17:29:33+00",8,"CAD",0.00016059,"BTC","49814.2183","purchase",,,
"purchase/sale","2022-02-02T17:29:30+00",8,"CAD",0.00016653,"BTC","48036.6341","purchase",,,
"purchase/sale","2022-02-03T17:29:34+00",8,"CAD",0.00016961,"BTC","47164.6542","purchase",,,
"purchase/sale","2022-02-04T17:29:35+00",8,"CAD",0.00015358,"BTC","52087.1301","purchase",,,
"purchase/sale","2022-02-05T17:29:34+00",8,"CAD",0.00015006,"BTC","53308.5790","purchase",,,
"purchase/sale","2022-02-06T17:29:30+00",8,"CAD",0.00014865,"BTC","53817.4939","purchase",,,
"purchase/sale","2022-02-07T17:29:38+00",8,"CAD",0.00014232,"BTC","56209.5617","purchase",,,
"purchase/sale","2022-02-08T17:29:30+00",8,"CAD",0.00014509,"BTC","55135.6301","purchase",,,
"purchase/sale","2022-02-09T17:29:34+00",8,"CAD",0.00014115,"BTC","56676.4078","purchase",,,
"fiat funding","2022-05-10T23:11:25+00",,,500,"CAD",,"credit",,"felfelahmeed@gmail.com",
"shakingsats","2022-05-11T18:43:22+00",,,0.000001,"BTC",,"credit","38914.6443",,
"purchase/sale","2022-05-12T00:14:28+00",20,"CAD",0.00051873,"BTC","38555.0838","purchase",,,
"purchase/sale","2022-05-13T00:14:24+00",20,"CAD",0.00052611,"BTC","38014.3285","purchase",,,
"peer transfer","2022-05-13T19:56:19+00",,,10,"CAD",,"credit",,"@biboshakan",
"purchase/sale","2022-05-13T19:57:13+00",200,"CAD",0.00509404,"BTC","39261.5671","purchase",,,
"purchase/sale","2022-05-13T22:46:28+00",10,"CAD",0.00371925338401324,"ETH","2688.7117","purchase",,,
"shakingsats","2022-05-14T00:07:27+00",,,0.000001,"BTC",,"credit","37864.2178",,
"purchase/sale","2022-05-14T00:14:26+00",20,"CAD",0.00051933,"BTC","38510.8929","purchase",,,
"purchase/sale","2022-05-15T00:14:26+00",20,"CAD",0.00051163,"BTC","39090.3787","purchase",,,
"purchase/sale","2022-05-16T00:14:23+00",20,"CAD",0.00049235,"BTC","40620.7783","purchase",,,
"shakingsats","2022-05-16T13:09:56+00",,,0.000001,"BTC",,"credit","38803.8989",,
"purchase/sale","2022-05-17T00:14:33+00",20,"CAD",0.00051555,"BTC","38793.2734","purchase",,,
"shakingsats","2022-05-17T11:50:02+00",,,0.0000011,"BTC",,"credit","38900.9996",,
"purchase/sale","2022-05-18T00:14:25+00",20,"CAD",0.00050647,"BTC","39488.9297","purchase",,,
"purchase/sale","2022-05-19T00:14:27+00",20,"CAD",0.00053218,"BTC","37580.6160","purchase",,,
"shakingsats","2022-05-19T01:00:46+00",,,0.0000012,"BTC",,"credit","37150.8445",,
"shakingsats","2022-05-19T12:37:12+00",,,0.0000013,"BTC",,"credit","37740.0186",,
"purchase/sale","2022-05-20T00:14:28+00",20,"CAD",0.00051144,"BTC","39104.5738","purchase",,,
"purchase/sale","2022-05-21T00:14:24+00",20,"CAD",0.00052716,"BTC","37938.9592","purchase",,,
"purchase/sale","2022-05-22T00:14:22+00",20,"CAD",0.00052442,"BTC","38136.9213","purchase",,,
"purchase/sale","2022-05-23T00:14:21+00",20,"CAD",0.00050889,"BTC","39301.0651","purchase",,,
"purchase/sale","2022-05-24T00:14:24+00",20,"CAD",0.00053035,"BTC","37710.5573","purchase",,,
"purchase/sale","2022-05-25T00:14:25+00",20,"CAD",0.00052191,"BTC","38320.6742","purchase",,,
"purchase/sale","2022-05-26T00:14:25+00",20,"CAD",0.00052146,"BTC","38353.5016","purchase",,,
"shakingsats","2022-05-26T00:14:36+00",,,0.000001,"BTC",,"credit","38001.3623",,
"shakingsats","2022-05-28T00:20:44+00",,,0.000001,"BTC",,"credit","36535.4849",,
"shakingsats","2022-05-30T17:15:43+00",,,0.000001,"BTC",,"credit","38750.7010",,
"shakingsats","2022-05-31T17:19:48+00",,,0.0000011,"BTC",,"credit","40399.3091",,